<?xml version="1.0" encoding="UTF-8"?><collection xmlns="http://www.loc.gov/MARC21/slim"><record><leader>00519nam--2200181-i-4500</leader><controlfield tag="001">000016198</controlfield><controlfield tag="002">20161230</controlfield><controlfield tag="005">20161230201031</controlfield><controlfield tag="008">060222s1000------------r-----000-0-fre-d</controlfield><datafield ind1=" " ind2=" " tag="040"><subfield code="a">IFIN-HH</subfield></datafield><datafield ind1=" " ind2=" " tag="041"><subfield code="a">fre</subfield></datafield><datafield ind1=" " ind2=" " tag="080"><subfield code="a">535.37(043)</subfield></datafield><datafield ind1="1" ind2=" " tag="100"><subfield code="a">Bonnot, Alain</subfield></datafield><datafield ind1="1" ind2="0" tag="245"><subfield code="a">Fluorescence anisotrope et orientation de spin par pompage optique dans le sulfure de cadmium</subfield><subfield code="b">These</subfield><subfield code="c">Alain bonnot</subfield></datafield><datafield ind1=" " ind2=" " tag="260"><subfield code="a">Paris, , 1972</subfield><subfield code="b">Universite</subfield><subfield code="c">1972</subfield></datafield><datafield ind1=" " ind2=" " tag="300"><subfield code="a">80 P</subfield></datafield><datafield ind1=" " ind2=" " tag="852"><subfield code="a">77121</subfield><subfield code="c">535.37</subfield></datafield><datafield ind1=" " ind2=" " tag="CAT"><subfield code="a">Sys</subfield><subfield code="c">20110429</subfield><subfield code="h">125516</subfield></datafield></record></collection>